@book{book,
  author    = {Шарый С.П},
  title     = {Курс Вычислительных Методов},
  year      = {2023},
}

@online{numpy,
    title   = {{[Электронный ресурс]}},
    url     = {numpy.org},
    urldate      = {2024-05-05},
}

@online{scipy,
    author  = {{[Электронный ресурс]}},
  url     = {scipy.org},
    urldate      = {2024-05-05},
}

@online{numba,
    author  = {{[Электронный ресурс]}},
  url     = {numba.pydata.org},
    urldate      = {2024-05-05},
}

@online{pandas,
    author  = {{[Электронный ресурс]}},
  url = {pandas.pydata.org},
  urldate = {2024-05-05}
}
